<record><leader>00000cas a22000007a 4500</leader><controlfield tag="001">15087198</controlfield><controlfield tag="008">870119d19421945txuwr ne     o0    0eng d</controlfield><datafield ind1=" " ind2=" " tag="010"><subfield code="a">sn 86090769 </subfield></datafield><datafield ind1=" " ind2=" " tag="040"><subfield code="a">PPM</subfield><subfield code="b">eng</subfield><subfield code="c">PPM</subfield><subfield code="d">DLC</subfield><subfield code="d">PPM</subfield><subfield code="d">OCLCQ</subfield><subfield code="d">YUS</subfield><subfield code="d">OCLCO</subfield><subfield code="d">OCLCA</subfield></datafield><datafield ind1="1" ind2=" " tag="029"><subfield code="a">AU@</subfield><subfield code="b">000025791083</subfield></datafield><datafield ind1=" " ind2=" " tag="042"><subfield code="a">msc</subfield></datafield><datafield ind1="0" ind2=" " tag="130"><subfield code="a">Eagle eye (Eagle Pass, Tex. : 1942)</subfield></datafield><datafield ind1="1" ind2="4" tag="245"><subfield code="a">The Eagle eye.</subfield></datafield><datafield ind1=" " ind2=" " tag="260"><subfield code="a">Eagle Pass, Tex. :</subfield><subfield code="b">Special Service Office of Eagle Pass Army Air Field</subfield></datafield><datafield ind1=" " ind2=" " tag="310"><subfield code="a">Weekly</subfield></datafield><datafield ind1="0" ind2=" " tag="362"><subfield code="a">-v. 3, no. 19 (Apr. 24, 1945).</subfield></datafield><datafield ind1="1" ind2=" " tag="362"><subfield code="a">Began Dec. 11, 1942.</subfield></datafield><datafield ind1=" " ind2=" " tag="530"><subfield code="a">Also on microfilm: Austin, Texas: The University of Texas, Center for American History.</subfield></datafield><datafield ind1=" " ind2=" " tag="588"><subfield code="a">Description based on: Vol. 1, no. 35 (Aug. 7, 1943).</subfield></datafield><datafield ind1=" " ind2="0" tag="650"><subfield code="a">Military training camps</subfield><subfield code="z">Texas</subfield><subfield code="v">Newspapers.</subfield></datafield><datafield ind1=" " ind2="0" tag="650"><subfield code="a">World War, 1939-1945</subfield><subfield code="v">Newspapers.</subfield></datafield><datafield ind1=" " ind2="0" tag="651"><subfield code="a">Eagle Pass Army Air Field (Tex.)</subfield><subfield code="v">Newspapers.</subfield></datafield><datafield ind1=" " ind2="0" tag="651"><subfield code="a">Eagle Pass (Tex.)</subfield><subfield code="x">History, Military</subfield><subfield code="v">Newspapers.</subfield></datafield><datafield ind1=" " ind2=" " tag="752"><subfield code="a">United States</subfield><subfield code="b">Texas</subfield><subfield code="c">Maverick</subfield><subfield code="d">Eagle Pass.</subfield></datafield></record>